<record><leader>00000cas a22000007a 4500</leader><controlfield tag="001">20414524</controlfield><controlfield tag="008">890929d19651974mauwr ne      0    0eng d</controlfield><datafield ind1=" " ind2=" " tag="010"><subfield code="a">sn 89062197 </subfield></datafield><datafield ind1=" " ind2=" " tag="040"><subfield code="a">MGN</subfield><subfield code="b">eng</subfield><subfield code="c">MGN</subfield><subfield code="d">OCLCQ</subfield></datafield><datafield ind1=" " ind2=" " tag="042"><subfield code="a">msc</subfield></datafield><datafield ind1="0" ind2="0" tag="245"><subfield code="a">Marlboro city-post.</subfield></datafield><datafield ind1=" " ind2=" " tag="260"><subfield code="a">Acton, Mass. :</subfield><subfield code="b">Beacon Pub. Co.</subfield></datafield><datafield ind1=" " ind2=" " tag="300"><subfield code="a">v.</subfield></datafield><datafield ind1=" " ind2=" " tag="310"><subfield code="a">Weekly</subfield></datafield><datafield ind1="1" ind2=" " tag="362"><subfield code="a">Began in 1965?</subfield></datafield><datafield ind1="0" ind2=" " tag="362"><subfield code="a">-v. 10, no. 15 (Nov. 21, 1974).</subfield></datafield><datafield ind1=" " ind2=" " tag="580"><subfield code="a">Merged with: News-enterprise (Hudson, Mass.), and: Northboro star, to form: Towne talk.</subfield></datafield><datafield ind1=" " ind2=" " tag="588"><subfield code="a">Description based on: Vol. 5, no. 21 (Jan. 7, 1974).</subfield></datafield><datafield ind1=" " ind2=" " tag="752"><subfield code="a">United States</subfield><subfield code="b">Massachusetts</subfield><subfield code="c">Middlesex</subfield><subfield code="d">Acton.</subfield></datafield><datafield ind1=" " ind2=" " tag="752"><subfield code="a">United States</subfield><subfield code="b">Massachusetts</subfield><subfield code="c">Middlesex</subfield><subfield code="d">Marlborough.</subfield></datafield><datafield ind1="1" ind2="7" tag="785"><subfield code="t">News-enterprise (Hudson, Mass.)</subfield><subfield code="w">(DLC)sn 89062195</subfield></datafield><datafield ind1="1" ind2="7" tag="785"><subfield code="t">Northboro star</subfield><subfield code="w">(DLC)sn 89062202</subfield></datafield><datafield ind1="1" ind2="7" tag="785"><subfield code="t">Towne talk</subfield><subfield code="w">(DLC)sn 89062198</subfield></datafield><datafield ind1="1" ind2=" " tag="029"><subfield code="a">AU@</subfield><subfield code="b">000025850485</subfield></datafield></record>